<record><leader>00000cas a22000007a 4500</leader><controlfield tag="001">38922136</controlfield><controlfield tag="008">980408d19141918txudr n       0    0spa d</controlfield><datafield ind1=" " ind2=" " tag="010"><subfield code="a">sn 98021521 </subfield></datafield><datafield ind1=" " ind2=" " tag="040"><subfield code="a">CRL</subfield><subfield code="b">eng</subfield><subfield code="c">CRL</subfield><subfield code="d">OCLCQ</subfield><subfield code="d">CRL</subfield><subfield code="d">OCLCQ</subfield><subfield code="d">OCLCF</subfield></datafield><datafield ind1="1" ind2=" " tag="029"><subfield code="a">AU@</subfield><subfield code="b">000013902976</subfield></datafield><datafield ind1=" " ind2=" " tag="042"><subfield code="a">msc</subfield></datafield><datafield ind1=" " ind2=" " tag="043"><subfield code="a">n-us-tx</subfield></datafield><datafield ind1="0" ind2=" " tag="130"><subfield code="a">Paso morning times.</subfield><subfield code="l">Spanish.</subfield></datafield><datafield ind1="1" ind2="3" tag="245"><subfield code="a">El Paso morning times.</subfield></datafield><datafield ind1=" " ind2=" " tag="250"><subfield code="a">Ed. en espan&#771;ol.</subfield></datafield><datafield ind1=" " ind2=" " tag="260"><subfield code="a">El Paso, Tex. :</subfield><subfield code="b">El Paso Morning Times Co.</subfield></datafield><datafield ind1=" " ind2=" " tag="300"><subfield code="a">v. :</subfield><subfield code="b">ill.</subfield></datafield><datafield ind1=" " ind2=" " tag="310"><subfield code="a">Daily</subfield></datafield><datafield ind1="1" ind2=" " tag="362"><subfield code="a">Began in Oct. 1914; ceased in June 1918?</subfield></datafield><datafield ind1=" " ind2=" " tag="500"><subfield code="a">Ed. statement from publisher's box, &lt;Oct. 28, 1914&gt;-Feb. 2, 1916.</subfield></datafield><datafield ind1=" " ind2=" " tag="500"><subfield code="a">Previously published as Spanish section of El Paso morning times.</subfield></datafield><datafield ind1=" " ind2=" " tag="515"><subfield code="a">On masthead: an&#771;o 35-38.</subfield></datafield><datafield ind1=" " ind2=" " tag="530"><subfield code="a">Also issued on microfilm from Southwest Microfilm.</subfield></datafield><datafield ind1=" " ind2=" " tag="546"><subfield code="a">In Spanish.</subfield></datafield><datafield ind1=" " ind2=" " tag="580"><subfield code="a">Spanish ed. of: El Paso morning times.</subfield></datafield><datafield ind1=" " ind2=" " tag="588"><subfield code="a">Description based on: 28 de oct. de 1914.</subfield></datafield><datafield ind1=" " ind2=" " tag="588"><subfield code="a">Latest issue consulted: 6 de junio de 1918.</subfield></datafield><datafield ind1=" " ind2="0" tag="650"><subfield code="a">Mexican Americans</subfield><subfield code="z">Texas</subfield><subfield code="z">El Paso</subfield><subfield code="v">Newspapers.</subfield></datafield><datafield ind1=" " ind2="0" tag="651"><subfield code="a">El Paso (Tex.)</subfield><subfield code="v">Newspapers.</subfield></datafield><datafield ind1=" " ind2="7" tag="655"><subfield code="a">Newspapers.</subfield><subfield code="2">fast</subfield><subfield code="0">(OCoLC)fst01423814</subfield></datafield><datafield ind1=" " ind2="7" tag="650"><subfield code="a">Mexican Americans.</subfield><subfield code="2">fast</subfield><subfield code="0">(OCoLC)fst01019072</subfield></datafield><datafield ind1=" " ind2="7" tag="651"><subfield code="a">Texas</subfield><subfield code="z">El Paso.</subfield><subfield code="2">fast</subfield><subfield code="0">(OCoLC)fst01206678</subfield></datafield><datafield ind1=" " ind2=" " tag="752"><subfield code="a">United States</subfield><subfield code="b">Texas</subfield><subfield code="c">El Paso</subfield><subfield code="d">El Paso.</subfield></datafield><datafield ind1="1" ind2=" " tag="775"><subfield code="t">Paso morning times</subfield><subfield code="w">(DLC)sn 86088483</subfield><subfield code="w">(OCoLC)14109573</subfield></datafield></record>